%% This BibTeX bibliography file was created using BibDesk.
%% https://bibdesk.sourceforge.io/

%% Created for Marco Piangerelli at 2019-09-30 12:48:04 +0200 


%% Saved with string encoding Unicode (UTF-8) 

@article{algoritmiK-mer,
	Author = {Swati C Manekar, Shailesh R Sathe},
	Title = {A benchmark study of k-mer counting methods for high-throughput sequencing},
	Url = {https://doi.org/10.1093/gigascience/giy125},
	journaltitle = {GigaScience},
	Year = {2018}
}


@article{DSK,
	Author = {Guillaume Rizk, Dominique Lavenier, Rayan Chikhi},
	Title = {DSK: k-mer counting with very low memory usage},
	Url = {https://academic.oup.com/bioinformatics/article/29/5/652/253092},
	journaltitle = {Bioinformatics},
	Year = {2013}}

@article{KMC3,
	Author = {Marek Kokot, Maciej Długosz, Maciej Długosz},
	Title = {KMC 3: counting and manipulating k-mer statistics},
	Url = {https://academic.oup.com/bioinformatics/article/33/17/2759/3796399?login=false},
	journaltitle = {Bioinformatics},
	Year = {2017}}

@article{gerbil,
	Author = {Marius Erbert, Steffen Rechner, Matthias Müller-Hannemann},
	Title = {Gerbil: a fast and memory-efficient k-mer counter with GPU-support},
	Url = {https://almob.biomedcentral.com/articles/10.1186/s13015-017-0097-9},
	journaltitle = {Biomedcentral},
	Year = {2017}
}
@article{l1-based,
	Author = {Richard Baraniuk},
	Title = {Compressive Sensing},
	Url = {http://users.isr.ist.utl.pt/~aguiar/CS_notes.pdf},
	journaltitle = {IEEE Signal Processing Magazine},
	Year = {2007}
}

